@article{zhang2019comprehensive,
  title={A comprehensive survey of vision-based human action recognition methods},
  author={Zhang, Hong-Bo and Zhang, Yi-Xiang and Zhong, Bineng and Lei, Qing and Yang, Lijie and Du, Ji-Xiang and Chen, Duan-Sheng},
  journal={Sensors},
  volume={19},
  number={5},
  pages={1005},
  year={2019},
  publisher={Multidisciplinary Digital Publishing Institute}
}

@book{rosen2012discrete,
  title     = {Discrete mathematics and its applications: with combinatorics and graph theory},
  author    = {Rosen, Kenneth H and Krithivasan, Kamala},
  year      = {2012},
  publisher = {Tata McGraw-Hill Education},
  pages     = {641-642,644}
}

@article{shi2020skeleton,
  title     = {Skeleton-based action recognition with multi-stream adaptive graph convolutional networks},
  author    = {Shi, Lei and Zhang, Yifan and Cheng, Jian and Lu, Hanqing},
  journal   = {IEEE Transactions on Image Processing},
  volume    = {29},
  pages     = {9532--9545},
  year      = {2020},
  publisher = {IEEE}
}
